@book{sumner1990computer,
  title={Computer: Concept and uses},
  author={Sumner, M.},
  edition={2nd},
  year={1990},
  publisher={McGraw-Hill},
  address={New York}
}

@article{zhang2023design,
  title={Design and operation of a deep-learning-based fresh tea-leaf sorting robot},
  author={Zhang, Xuechen and Wu, Zhengmin and Cao, Chengmao and Luo, Kun and Qin, Kuan and Huang, Yangyang and Cao, Jie},
  journal={Computers and Electronics in Agriculture},
  volume={206},
  pages={107664},
  year={2023},
  publisher={Elsevier}
}
